@Book{Tat:Ster,
    Author = "Piotr Tatjewski",
    Title = "Sterowanie zaawansowane obiektów przemysłowych",
    Publisher = "Akademicka Oficyna Wydawnicza EXIT",
    Year = 2002,
    Address = {Warszawa}                }

@PhdThesis{Mar:dr,
    Author = "Piotr Marusak",
    Title = "Regulacja predykcyjna obiektów nieliniowych z zastosowaniem techniki DMC i modelowania rozmytego",
    School = "Politechnika Warszawska",
    Year = 2002   }
